<?xml version="1.0" encoding="UTF-8"?><collection xmlns="http://www.loc.gov/MARC21/slim"><record><leader>00389nam--2200133-i-4500</leader><controlfield tag="001">000005666</controlfield><controlfield tag="002">20161230</controlfield><controlfield tag="005">20161230201026</controlfield><controlfield tag="008">060222s1000------------r-----000-0-eng-d</controlfield><datafield ind1=" " ind2=" " tag="100"><subfield code="a">Bang, Eva</subfield></datafield><datafield ind1=" " ind2=" " tag="245"><subfield code="a">The structure of barium bromide dihydrate</subfield></datafield><datafield ind1=" " ind2=" " tag="260"><subfield code="a">Kobenhavn, Ejnar Munksgaard`S Forlag, 1961. 23 P</subfield></datafield><datafield ind1=" " ind2=" " tag="490"><subfield code="a">Det Kongelige Danske Videnskabernes Selskab. Bind 33</subfield></datafield><datafield ind1=" " ind2=" " tag="852"><subfield code="a">16686</subfield></datafield></record></collection>